<?xml version="1.0" encoding="UTF-8"?><collection xmlns="http://www.loc.gov/MARC21/slim"><record><leader>00513nam--2200181-i-4500</leader><controlfield tag="001">000013256</controlfield><controlfield tag="002">20161230</controlfield><controlfield tag="005">20161230201030</controlfield><controlfield tag="008">060222s1000------------r-----000-0-eng-d</controlfield><datafield ind1=" " ind2=" " tag="020"><subfield code="a">0120916509</subfield></datafield><datafield ind1=" " ind2=" " tag="080"><subfield code="a">535.215</subfield></datafield><datafield ind1="1" ind2=" " tag="100"><subfield code="a">Berkowitz, Joseph</subfield></datafield><datafield ind1="1" ind2="0" tag="245"><subfield code="a">Photoabsorption, photoionization and photoelectron spectroscopy</subfield><subfield code="c">JOSEPH BERKOWITZ (Ed.)</subfield></datafield><datafield ind1=" " ind2=" " tag="260"><subfield code="a">LONDON</subfield><subfield code="b">Academic Press</subfield><subfield code="c">1979</subfield></datafield><datafield ind1=" " ind2=" " tag="300"><subfield code="a">XVIII + 469 P</subfield></datafield><datafield ind1=" " ind2="0" tag="650"><subfield code="a">Photoionization</subfield></datafield><datafield ind1=" " ind2=" " tag="852"><subfield code="a">47982</subfield><subfield code="c">535.33</subfield></datafield><datafield ind1=" " ind2=" " tag="CAT"><subfield code="a">Sys</subfield><subfield code="c">20101216</subfield><subfield code="h">112434</subfield></datafield></record></collection>